@article{BramonMora2018Identifying,
  title = {Identifying a Common Backbone of Interactions Underlying Food Webs from Different Ecosystems},
  author = {Bramon Mora, Bernat and Gravel, Dominique and Gilarranz, Luis J. and Poisot, Timothée and Stouffer, Daniel B.},
  date = {2018-07-04},
  journaltitle = {Nature Communications},
  volume = {9},
  number = {1},
  pages = {2603},
  issn = {2041-1723},
  doi = {10.1038/s41467-018-05056-0},
  langid = {english}
}

@article{Gray2016Temperature,
  title = {Temperature and Trophic Structure Are Driving Microbial Productivity along a Biogeographical Gradient},
  author = {Gray, Sarah M. and Poisot, Timothée and Harvey, Eric and Mouquet, Nicolas and Miller, Thomas E. and Gravel, Dominique},
  date = {2016},
  journaltitle = {Ecography},
  volume = {39},
  number = {10},
  pages = {981--989},
  issn = {1600-0587},
  doi = {10.1111/ecog.01748},
  langid = {english}
}

@article{Harris2022Trait,
  title = {Trait Hypervolumes Based on Natural History Collections Can Detect Ecological Strategies That Are Distinct to Biogeographic Regions},
  author = {Harris, Timothy and Ottaviani, Gianluigi and Mulligan, Mark and Brummitt, Neil},
  date = {2022},
  journaltitle = {Journal of Ecology},
  volume = {n/a},
  number = {n/a},
  issn = {1365-2745},
  doi = {10.1111/1365-2745.14005},
  langid = {english}
}

@article{Ives2004Foodweb,
  title = {Food-Web Interactions Govern the Resistance of Communities after Non-Random Extinctions},
  author = {Ives, Anthony R. and Cardinale, Bradley J.},
  date = {2004-05-13},
  journaltitle = {Nature},
  volume = {429},
  number = {6988},
  pages = {174--7},
  publisher = {{Nature Publishing Group}},
  location = {{London, United States}},
  issn = {00280836},
  doi = {10.1038/nature02515},
  langid = {english},
  pagetotal = {174-7}
}

@article{Kopelke2017Foodweb,
  title = {Food-Web Structure of Willow-Galling Sawflies and Their Natural Enemies across {{Europe}}},
  author = {Kopelke, Jens-Peter and Nyman, Tommi and Cazelles, Kévin and Gravel, Dominique and Vissault, Steve and Roslin, Tomas},
  date = {2017},
  journaltitle = {Ecology},
  volume = {98},
  number = {6},
  pages = {1730--1730},
  issn = {1939-9170},
  doi = {10.1002/ecy.1832},
  langid = {english}
}

@article{Martins2022Global,
  title = {Global and Regional Ecological Boundaries Explain Abrupt Spatial Discontinuities in Avian Frugivory Interactions},
  author = {Martins, Lucas P. and Stouffer, Daniel B. and Blendinger, Pedro G. and Böhning-Gaese, Katrin and Buitrón-Jurado, Galo and Correia, Marta and Costa, José Miguel and Dehling, D. Matthias and Donatti, Camila I. and Emer, Carine and Galetti, Mauro and Heleno, Ruben and Jordano, Pedro and Menezes, Ícaro and Morante-Filho, José Carlos and Muñoz, Marcia C. and Neuschulz, Eike Lena and Pizo, Marco Aurélio and Quitián, Marta and Ruggera, Roman A. and Saavedra, Francisco and Santillán, Vinicio and Sanz D’Angelo, Virginia and Schleuning, Matthias and da Silva, Luís Pascoal and Ribeiro da Silva, Fernanda and Timóteo, Sérgio and Traveset, Anna and Vollstädt, Maximilian G. R. and Tylianakis, Jason M.},
  options = {useprefix=true},
  date = {2022-11-14},
  journaltitle = {Nature Communications},
  shortjournal = {Nat Commun},
  volume = {13},
  number = {1},
  pages = {6943},
  publisher = {{Nature Publishing Group}},
  issn = {2041-1723},
  doi = {10.1038/s41467-022-34355-w},
  issue = {1},
  langid = {english}
}

@article{May1983Ecology,
  title = {Ecology: {{The}} Structure of Food Webs},
  author = {May, Robert M.},
  date = {1983-02},
  journaltitle = {Nature},
  shortjournal = {Nature},
  volume = {301},
  number = {5901},
  pages = {566--568},
  issn = {0028-0836, 1476-4687},
  doi = {10.1038/301566a0},
  langid = {english}
}

@article{Strydom2022Spatialboundaries,
  title = {{{SpatialBoundaries}}.Jl: {{Edge}} Detection Using Spatial Wombling},
  author = {Strydom, Tanya and Poisot, Timothée},
  date = {2022-09-07},
  publisher = {{EcoEvoRxiv}},
  langid = {english}
}

@article{Thompson2017Dispersal,
  title = {Dispersal Governs the Reorganization of Ecological Networks under Environmental Change},
  author = {Thompson, Patrick L. and Gonzalez, Andrew},
  date = {2017-05-08},
  journaltitle = {Nature Ecology \& Evolution},
  volume = {1},
  number = {6},
  pages = {0162},
  issn = {2397-334X},
  doi = {10.1038/s41559-017-0162},
  langid = {english}
}
